@article{jordan2002discriminative,
title={On discriminative vs. generative classifiers: A comparison of logistic regression and naive bayes},
author={Jordan, A},
journal={Advances in neural information processing systems},
volume={14},
pages={841},
year={2002}
}
@article{dietterich1998approximate,
title={Approximate statistical tests for comparing supervised classification learning algorithms},
author={Dietterich, Thomas G},
journal={Neural computation},
volume={10},
number={7},
pages={1895--1923},
year={1998}
}
	      